<?xml version="1.0" encoding="UTF-8"?><collection xmlns="http://www.loc.gov/MARC21/slim"><record><leader>00306nam--2200109-i-4500</leader><controlfield tag="001">000048347</controlfield><controlfield tag="002">20161230</controlfield><controlfield tag="005">20161230201046</controlfield><controlfield tag="008">060222s1000------------r-----000-0-eng-d</controlfield><datafield ind1=" " ind2=" " tag="245"><subfield code="a">Zeitschriftenverzeichnis. stand:oktober 1963</subfield></datafield><datafield ind1=" " ind2=" " tag="260"><subfield code="a">Julich, Zentralblibliothek Der Kernforschungsanlage, 1964</subfield></datafield><datafield ind1=" " ind2=" " tag="852"><subfield code="a">D.119</subfield></datafield></record></collection>